@book{foupouagnigni-2020,
	author = {Foupouagnigni, Mama and Koepf, Wolfram},
	month = {5},
	publisher = {Birkh√§user},
	title = {{Orthogonal polynomials}},
	year = {2020},
}

@book{Ismail,
author = {Ismail, Mourad E. H. and van Assche, Walter},
address = {Cambridge (England)},
booktitle = {Classical and quantum orthogonal polynomials in one variable},
isbn = {0521782015},
keywords = {Polinomios},
language = {eng},
publisher = {Cambridge University Press},
series = {Encyclopedia of mathematics and its applications ; 98},
title = {Classical and quantum orthogonal polynomials in one variable },
year = {2005},
}

@book{dunkl_xu_2014, 
place={Cambridge},
edition={2},
series={Encyclopedia of Mathematics and its Applications},
title={Orthogonal Polynomials of Several Variables},
DOI={10.1017/CBO9781107786134},
publisher={Cambridge University Press},
author={Dunkl, Charles F. and Xu, Yuan},
year={2014},
collection={Encyclopedia of Mathematics and its Applications}
}
